
@report{Scibilia2021,
   author = {Kevin Robert Scibilia},
   title = {Learn-Morph-Infer: A New Paradigm of Brain Tumor Growth Model Personalization (a Deterministic Scenario)},
   year = {2021},
   type = {B.Sc. thesis},
   school = {Technical University of Munich}
}
@report{Steinbauer2020,
   author = {Felix Steinbauer},
   title = {Learn-Morph-Infer: A Novel Paradigm of Brain Tumor Model Calibration},
   year = {2020},
   type = {B.Sc. thesis},
   school = {Technical University of Munich}
}
@report{LearnMorphInfer,
   author = {Ivan Ezhov and Kevin Scibilia and Katharina Franitza and Felix Steinbauer and Suprosanna Shit and Lucas Zimmer and Jana Lipkova and Florian Kofler and Johannes Paetzold and Luca Canalini and Diana Waldmannstetter and Martin Menten and Marie Metz and Benedikt Wiestler and Bjoern Menze},
   keywords = {Inverse modeling,MRI,glioma,model calibration,physics-based deep learning,tumor modeling},
   title = {Learn-Morph-Infer: a new way of solving the inverse problem for brain tumor modeling},
   year = {2021}
}
@ARTICLE{MenzeMultiModalApproach,  author={Menze, Bjoern H. et al.},  journal={IEEE Transactions on Medical Imaging},   title={The Multimodal Brain Tumor Image Segmentation Benchmark (BRATS)},   year={2015},  volume={34},  number={10},  pages={1993-2024},  doi={10.1109/TMI.2014.2377694}}

@article{FAISS,
  title={Billion-scale similarity search with GPUs},
  author={Johnson, Jeff and Douze, Matthijs and J{\'e}gou, Herv{\'e}},
  journal={arXiv preprint arXiv:1702.08734},
  year={2017}
}

@book{Goodfellow-et-al-2016,
    title={Deep Learning},
    author={Ian Goodfellow and Yoshua Bengio and Aaron Courville},
    publisher={MIT Press},
    note={\url{http://www.deeplearningbook.org}},
    year={2016},
    chapter={14}
}
